<record><leader>00000cas a22000007a 4500</leader><controlfield tag="001">12378329</controlfield><controlfield tag="008">850813d18821884iauwr ne      0    0eng d</controlfield><datafield ind1=" " ind2=" " tag="010"><subfield code="a">sn 85049734 </subfield></datafield><datafield ind1=" " ind2=" " tag="040"><subfield code="a">INP</subfield><subfield code="b">eng</subfield><subfield code="c">INP</subfield><subfield code="d">OCL</subfield><subfield code="d">OCLCQ</subfield></datafield><datafield ind1=" " ind2=" " tag="042"><subfield code="a">msc</subfield></datafield><datafield ind1="0" ind2="0" tag="245"><subfield code="a">Cedar Rapids people.</subfield></datafield><datafield ind1="3" ind2="0" tag="246"><subfield code="a">People</subfield></datafield><datafield ind1=" " ind2=" " tag="260"><subfield code="a">Cedar Rapids, Iowa :</subfield><subfield code="b">[s.n.]</subfield></datafield><datafield ind1=" " ind2=" " tag="300"><subfield code="a">v. :</subfield><subfield code="b">ill.</subfield></datafield><datafield ind1=" " ind2=" " tag="310"><subfield code="a">Weekly</subfield></datafield><datafield ind1="1" ind2=" " tag="362"><subfield code="a">Began in Sept. 1882; ceased in Mar. 1884.</subfield><subfield code="z">Cf. Bibl. of Iowa newspapers.</subfield></datafield><datafield ind1=" " ind2=" " tag="500"><subfield code="a">Editor: A.J. Huss, &lt;Jan. 5, 1884&gt;.</subfield></datafield><datafield ind1=" " ind2=" " tag="588"><subfield code="a">Description based on: "Special Edition" (Jan. 5, 1884).</subfield></datafield><datafield ind1=" " ind2=" " tag="752"><subfield code="a">United States</subfield><subfield code="b">Iowa</subfield><subfield code="c">Linn</subfield><subfield code="d">Cedar Rapids.</subfield></datafield><datafield ind1="0" ind2="0" tag="785"><subfield code="t">Saturday evening chat</subfield></datafield></record>